<?xml version="1.0" encoding="UTF-8"?><record xmlns="http://www.loc.gov/MARC21/slim" xmlns:cinclude="http://apache.org/cocoon/include/1.0" xmlns:zs="http://www.loc.gov/zing/srw/">
  <leader>00427cz  a2200133n  4500</leader>
  <controlfield tag="001">no2006136687</controlfield>
  <controlfield tag="003">DLC</controlfield>
  <controlfield tag="005">20120729074859.0</controlfield>
  <controlfield tag="008">061227n| acannaabn          |n aaa     c</controlfield>
  <datafield tag="010" ind1=" " ind2=" ">
    <subfield code="a">no2006136687</subfield>
  </datafield>
  <datafield tag="035" ind1=" " ind2=" ">
    <subfield code="a">(OCoLC)oca07284129</subfield>
  </datafield>
  <datafield tag="040" ind1=" " ind2=" ">
    <subfield code="a">ICU</subfield>
    <subfield code="b">eng</subfield>
    <subfield code="c">ICU</subfield>
    <subfield code="d">NjP</subfield>
  </datafield>
  <datafield tag="100" ind1="1" ind2=" ">
    <subfield code="a">Çapak, İbrahim,</subfield>
    <subfield code="d">1971-</subfield>
  </datafield>
  <datafield tag="670" ind1=" " ind2=" ">
    <subfield code="a">Stoa mantığı ve Fârâbî'ye etkisi, 2006:</subfield>
    <subfield code="b">t.p. (İbrahim Çapak) p. before t.p. (İbrahim Çapak, b. 1971)</subfield>
  </datafield>
</record>